@book{hands_on_ml,
	author = {Geron, Aurelien},
	title = {Hands-On Machine Learning with Scikit-Learn, Keras, and 
	         TensorFlow: Concepts, Tools, and Techniques to Build 
	         Intelligent Systems},
	year = {2019},
	isbn = {1492032646},
	publisher = {O'Reilly Media, Inc.},
	edition = {2nd}
}

@online{titanic-wikipedia,
	title = {Titanic},
	url = {https://en.wikipedia.org/wiki/Titanic},
	urldate = {2022-08-24},
}

@online{sinking-of-the-titanic-wikipedia,
	title = {Sinking of the Titanic},
	url = {https://en.wikipedia.org/wiki/Sinking_of_the_Titanic},
	urldate = {2022-08-24},
}

@online{titanic-ml-competition,
	title = {Titanic - Machine Learning from Disaster},
	url = {https://www.kaggle.com/c/titanic},
	urldate = {2022-08-24},
}

@online{encyclopedia_titanica,
	title = {Titanic Survivors - Names of all passengers and crew that 
	         survived. Complete list of Titanic survivors},
	url = {https://www.encyclopedia-titanica.org/titanic-survivors/},
	urldate = {2022-08-24},
}

@online{openml_titanic,
	title = {Titanic},
	url = {https://www.openml.org/search?type=data&sort=runs&id=40945&status=active},
	urldate = {2022-08-24},
}

@online{perfection_explanation,
	title = {How to be a Top LB Explained for Beginners},
	url = {https://www.kaggle.com/code/suzukifelipe/how-to-be-a-top-lb-explained-for-beginners/notebook?scriptVersionId=99817039},
	urldate = {2022-08-24},
}